%% This BibTeX bibliography file was created using BibDesk.
%% http://bibdesk.sourceforge.net/


%% Created for Emanuele De Donatis at 2014-06-13 00:59:31 +0200 


%% Saved with string encoding Unicode (UTF-8) 



@webpage{miosix,
	Date-Added = {2014-06-12 17:50:04 +0000},
	Date-Modified = {2014-06-12 22:59:16 +0000},
	Title = {http://miosix.org/},
	Url = {http://miosix.org/}}

@webpage{group61,
	Date-Added = {2014-06-12 17:32:51 +0000},
	Date-Modified = {2014-06-12 22:59:31 +0000},
	Title = {https://github.com/derkling/rtos2013/tree/grp61},
	Url = {https://github.com/derkling/rtos2013/tree/grp61}}

@webpage{group31,
	Date-Added = {2014-06-12 17:29:41 +0000},
	Date-Modified = {2014-06-12 22:59:06 +0000},
	Title = {https://github.com/derkling/rtos2013/tree/grp31},
	Url = {https://github.com/derkling/rtos2013/tree/grp31}}

@article{NeilZhao,
	Author = {Neil Zhao},
	Date-Modified = {2014-06-12 17:49:58 +0000},
	Title = {Full-Featured Pedometer Design Realized with 3-Axis Digital Accelerometer},
	Url = {http://www.cs.tufts.edu/~nr/pubs/two-abstract.html},
	Bdsk-Url-1 = {http://www.cs.tufts.edu/~nr/pubs/two-abstract.html}}
